<?xml version="1.0" encoding="UTF-8"?><collection xmlns="http://www.loc.gov/MARC21/slim"><record><leader>00403nam--2200133-i-4500</leader><controlfield tag="001">000002096</controlfield><controlfield tag="002">20161230</controlfield><controlfield tag="005">20161230201024</controlfield><controlfield tag="008">060222s1000------------r-----000-0-eng-d</controlfield><datafield ind1=" " ind2=" " tag="100"><subfield code="a">Eshbach, Ovid W</subfield></datafield><datafield ind1=" " ind2=" " tag="245"><subfield code="a">Handbook of engineering fundamentals. thirteenth printing</subfield></datafield><datafield ind1=" " ind2=" " tag="260"><subfield code="a">New York, John Wiley &amp; Sons, Inc., 1949. Xii 13 Sections 50 P</subfield></datafield><datafield ind1=" " ind2=" " tag="490"><subfield code="a">Wiley Engineering Handbook Series</subfield></datafield><datafield ind1=" " ind2=" " tag="852"><subfield code="a">445</subfield></datafield></record></collection>